## Place biblatex entries here.
@book{Goodfellow_et_al_2016,
    title={Deep Learning},
    author={Ian Goodfellow and Yoshua Bengio and Aaron Courville},
    publisher={MIT Press},
    note={\url{http://www.deeplearningbook.org}},
    year={2016}
}

@book{deisenroth_faisal_ong_2020,
	place={Cambridge}, 
	title={Mathematics for Machine Learning},
	publisher={Cambridge University Press}, 
	author={Deisenroth, Marc Peter and Faisal, A. Aldo and Ong, Cheng Soon}, 
	year={2020}
}

@article{LakshmanNaika2019HandwrittenEC,
  title={Handwritten Electric Circuit Diagram Recognition: An Approach Based on Finite State Machine},
  author={R LakshmanNaika and R. Dinesh and S Prabhanjan},
  journal={International Journal of Machine Learning and Computing},
  year={2019}
}

@book{mohri_fom,
	title={Foundations of Machine Learning}, 
	publisher={The MIT Press}, 
	author={Mehryar Mohri, Afshin Rostamizadeh, and Ameet Talwalkar}, 
	year={2018}
}